<?xml version="1.0" encoding="UTF-8"?>
<record xmlns="http://www.loc.gov/MARC21/slim" xmlns:xsi="http://www.w3.org/2001/XMLSchema-instance" xsi:schemaLocation="http://www.loc.gov/MARC21/slim http://www.loc.gov/standards/marcxml/schema/MARC21slim.xsd">
<leader>00000nam a22002411a 4500</leader>
<controlfield tag="001">001682437</controlfield>
<controlfield tag="003">NNU</controlfield>
<controlfield tag="005">20140829134310.0</controlfield>
<controlfield tag="008">961028s1965    iq       b    000 0 ara d</controlfield>
<datafield tag="010" ind1=" " ind2=" ">
<subfield code="a">66000486</subfield>
</datafield>
<datafield tag="035" ind1="9" ind2=" ">
<subfield code="a">NYUb12225852</subfield>
</datafield>
<datafield tag="035" ind1=" " ind2=" ">
<subfield code="a">(NjP)notisCNT1965</subfield>
</datafield>
<datafield tag="035" ind1=" " ind2=" ">
<subfield code="a">(CStRLIN)NJPGCNT1965-B</subfield>
<subfield code="z">(CStRLIN)MAHGBIY98189-B</subfield>
</datafield>
<datafield tag="035" ind1=" " ind2=" ">
<subfield code="a">(MH)MHBIY98189HU</subfield>
</datafield>
<datafield tag="040" ind1=" " ind2=" ">
<subfield code="a">MH</subfield>
<subfield code="c">MH</subfield>
<subfield code="d">CStRLIN</subfield>
<subfield code="d">NjP</subfield>
</datafield>
<datafield tag="100" ind1="1" ind2=" ">
<subfield code="a">Fīl, Muḥammad Rashīd.</subfield>
</datafield>
<datafield tag="245" ind1="1" ind2="3">
<subfield code="a">al-Akrād fī naẓar al-ʻilm /</subfield>
<subfield code="c">Muḥammad Rashīd al-Fīl.</subfield>
</datafield>
<datafield tag="260" ind1=" " ind2=" ">
<subfield code="a">[Najaf :</subfield>
<subfield code="b">Maṭbaʻat al-Ādāb,</subfield>
<subfield code="c">1965]</subfield>
</datafield>
<datafield tag="300" ind1=" " ind2=" ">
<subfield code="a">76 p. ;</subfield>
<subfield code="c">22 cm.</subfield>
</datafield>
<datafield tag="504" ind1=" " ind2=" ">
<subfield code="a">Bibliography: p. 75-76.</subfield>
</datafield>
<datafield tag="650" ind1=" " ind2="0">
<subfield code="a">Kurds.</subfield>
</datafield>
<datafield tag="OWN" ind1=" " ind2=" ">
<subfield code="a">GENERAL</subfield>
</datafield>
<datafield tag="950" ind1=" " ind2=" ">
<subfield code="l">BMAIN</subfield>
<subfield code="a">DS51.K7</subfield>
<subfield code="b">F5</subfield>
</datafield>
<datafield tag="955" ind1=" " ind2=" ">
<subfield code="l">BMAIN</subfield>
<subfield code="c">1</subfield>
<subfield code="r">028217050</subfield>
</datafield>
<datafield tag="998" ind1=" " ind2=" ">
<subfield code="s">9125</subfield>
</datafield>
<datafield tag="AVA" ind1=" " ind2=" ">
<subfield code="a">NYU50</subfield>
<subfield code="b">BOBST</subfield>
<subfield code="c">Main Collection</subfield>
<subfield code="d">DS51.K7 F5</subfield>
<subfield code="e">unavailable</subfield>
<subfield code="t">Unavailable</subfield>
<subfield code="f">1</subfield>
<subfield code="g">1</subfield>
<subfield code="h">N</subfield>
<subfield code="i">0</subfield>
<subfield code="j">MAIN</subfield>
<subfield code="k">0</subfield>
</datafield>
</record>
